<?xml version="1.0" encoding="UTF-8"?><collection xmlns="http://www.loc.gov/MARC21/slim"><record><leader>00439nam--2200181-u-4500</leader><controlfield tag="001">000053936</controlfield><controlfield tag="002">20161230</controlfield><controlfield tag="005">20161230201051</controlfield><controlfield tag="008">110707s1000------------r-----000-0-rus-d</controlfield><datafield ind1=" " ind2=" " tag="040"><subfield code="a">IFIN-HH</subfield></datafield><datafield ind1=" " ind2=" " tag="041"><subfield code="a">rus</subfield></datafield><datafield ind1=" " ind2=" " tag="080"><subfield code="a">537.222.2(081)</subfield></datafield><datafield ind1="1" ind2=" " tag="100"><subfield code="a">Bul, B.M</subfield></datafield><datafield ind1="1" ind2="0" tag="245"><subfield code="a">Fizika dielektrikov i poluprovodnikov</subfield><subfield code="c">B.m. bul</subfield></datafield><datafield ind1=" " ind2=" " tag="260"><subfield code="a">Moskva</subfield><subfield code="b">Nauka</subfield><subfield code="c">1988</subfield></datafield><datafield ind1=" " ind2=" " tag="300"><subfield code="a">371P</subfield></datafield><datafield ind1=" " ind2=" " tag="852"><subfield code="a">78791</subfield><subfield code="c">537.226</subfield></datafield><datafield ind1=" " ind2=" " tag="CAT"><subfield code="a">Sys</subfield><subfield code="c">20110707</subfield><subfield code="h">162301</subfield></datafield></record></collection>